<?xml version = "1.0" encoding = "UTF-8"?><record>
  <leader>01785nam#a2200409#c#4500</leader>
  <controlfield tag="005">20210409154355.0</controlfield>
  <controlfield tag="007">tu</controlfield>
  <controlfield tag="008">180205|2015####xxu###########|||#|#eng#c</controlfield>
  <controlfield tag="003">DE-605</controlfield>
  <controlfield tag="001">990223028900206441</controlfield>
  <datafield tag="016" ind1="7" ind2=" ">
    <subfield code="a">956518475</subfield>
    <subfield code="2">OCoLC</subfield>
  </datafield>
  <datafield tag="020" ind1=" " ind2=" ">
    <subfield code="a">9781625341778</subfield>
    <subfield code="c">(hardcover)</subfield>
    <subfield code="9">978-1-62534-177-8</subfield>
    <subfield code="0">(uri) http://www.isbnsearch.org/isbn/9781625341778</subfield>
  </datafield>
  <datafield tag="020" ind1=" " ind2=" ">
    <subfield code="a">9781625341785</subfield>
    <subfield code="c">(paper)</subfield>
    <subfield code="9">978-1-62534-178-5</subfield>
    <subfield code="0">(uri) http://www.isbnsearch.org/isbn/9781625341785</subfield>
  </datafield>
  <datafield tag="035" ind1=" " ind2=" ">
    <subfield code="a">(DE-605)HT019582722</subfield>
  </datafield>
  <datafield tag="040" ind1=" " ind2=" ">
    <subfield code="a">6/166</subfield>
    <subfield code="b">ger</subfield>
    <subfield code="e">rda</subfield>
  </datafield>
  <datafield tag="041" ind1=" " ind2=" ">
    <subfield code="a">eng</subfield>
  </datafield>
  <datafield tag="044" ind1=" " ind2=" ">
    <subfield code="c">XD-US</subfield>
  </datafield>
  <datafield tag="100" ind1="1" ind2=" ">
    <subfield code="a">Knott, Cheryl</subfield>
    <subfield code="d">1954-</subfield>
    <subfield code="0">(DE-588)1085660443</subfield>
    <subfield code="4">aut</subfield>
    <subfield code="0">(uri) https://portal.dnb.de/opac.htm?method=simpleSearch&amp;cqlMode=true&amp;query=idn=1085660443</subfield>
    <subfield code="0">(uri) http://viaf.org/viaf/sourceID/DNB|1085660443</subfield>
    <subfield code="B">GND-1085660443</subfield>
  </datafield>
  <datafield tag="245" ind1="1" ind2="0">
    <subfield code="a">Not free, not for all</subfield>
    <subfield code="b">public libraries in the age of Jim Crow</subfield>
    <subfield code="c">Cheryl Knott</subfield>
  </datafield>
  <datafield tag="264" ind1=" " ind2="1">
    <subfield code="a">Amherst</subfield>
    <subfield code="a">Boston</subfield>
    <subfield code="b">University of Massachusetts Press</subfield>
    <subfield code="c">[2015]</subfield>
  </datafield>
  <datafield tag="300" ind1=" " ind2=" ">
    <subfield code="a">X, 312 Seiten</subfield>
    <subfield code="b">Illustrationen</subfield>
    <subfield code="c">23 cm</subfield>
  </datafield>
  <datafield tag="336" ind1=" " ind2=" ">
    <subfield code="b">txt</subfield>
  </datafield>
  <datafield tag="337" ind1=" " ind2=" ">
    <subfield code="b">n</subfield>
  </datafield>
  <datafield tag="338" ind1=" " ind2=" ">
    <subfield code="b">nc</subfield>
  </datafield>
  <datafield tag="490" ind1="0" ind2=" ">
    <subfield code="a">Studies in print culture and the history of the book</subfield>
  </datafield>
  <datafield tag="505" ind1="8" ind2=" ">
    <subfield code="a">&lt;&lt;The&gt;&gt; culture of print in a context of racism -- Carnegie public libraries for African Americans -- Solidifying segregation -- Faltering systems -- Change and continuity -- Erecting libraries, constructing race -- Books for black readers -- Reading the race-based library -- Opening access</subfield>
  </datafield>
  <datafield tag="689" ind1="0" ind2="0">
    <subfield code="a">USA</subfield>
    <subfield code="D">g</subfield>
    <subfield code="0">(DE-588)4078704-7</subfield>
    <subfield code="0">(uri) https://portal.dnb.de/opac.htm?method=simpleSearch&amp;cqlMode=true&amp;query=idn=040787044</subfield>
    <subfield code="0">(uri) http://viaf.org/viaf/sourceID/DNB|040787044</subfield>
    <subfield code="B">GND-040787044</subfield>
  </datafield>
  <datafield tag="689" ind1="0" ind2="1">
    <subfield code="a">&#214;ffentliche Bibliothek</subfield>
    <subfield code="D">s</subfield>
    <subfield code="0">(DE-588)4043141-1</subfield>
    <subfield code="0">(uri) https://portal.dnb.de/opac.htm?method=simpleSearch&amp;cqlMode=true&amp;query=idn=04043141X</subfield>
    <subfield code="0">(uri) http://viaf.org/viaf/sourceID/DNB|04043141X</subfield>
    <subfield code="B">GND-04043141X</subfield>
  </datafield>
  <datafield tag="689" ind1="0" ind2="2">
    <subfield code="a">Rassentrennung</subfield>
    <subfield code="D">s</subfield>
    <subfield code="0">(DE-588)4115696-1</subfield>
    <subfield code="0">(uri) https://portal.dnb.de/opac.htm?method=simpleSearch&amp;cqlMode=true&amp;query=idn=04115696X</subfield>
    <subfield code="0">(uri) http://viaf.org/viaf/sourceID/DNB|04115696X</subfield>
    <subfield code="B">GND-04115696X</subfield>
  </datafield>
  <datafield tag="689" ind1="0" ind2="3">
    <subfield code="a">Rassismus</subfield>
    <subfield code="D">s</subfield>
    <subfield code="0">(DE-588)4076527-1</subfield>
    <subfield code="0">(uri) https://portal.dnb.de/opac.htm?method=simpleSearch&amp;cqlMode=true&amp;query=idn=04076527X</subfield>
    <subfield code="0">(uri) http://viaf.org/viaf/sourceID/DNB|04076527X</subfield>
    <subfield code="B">GND-04076527X</subfield>
  </datafield>
  <datafield tag="689" ind1="0" ind2="4">
    <subfield code="a">Geschichte 1900-1965</subfield>
    <subfield code="A">z</subfield>
  </datafield>
  <datafield tag="856" ind1=" " ind2=" ">
    <subfield code="u">http://bvbr.bib-bvb.de:8991/F?func=service&amp;doc_library=BVB01&amp;local_base=BVB01&amp;doc_number=028790923&amp;sequence=000001&amp;line_number=0001&amp;func_code=DB_RECORDS&amp;service_type=MEDIA</subfield>
    <subfield code="z">Inhaltsverzeichnis</subfield>
  </datafield>
  <datafield tag="964" ind1="0" ind2="s">
    <subfield code="F">030</subfield>
    <subfield code="A">az1drr|||||17</subfield>
  </datafield>
  <datafield tag="964" ind1="0" ind2="s">
    <subfield code="F">050</subfield>
    <subfield code="A">a|a|||||||||||</subfield>
  </datafield>
  <datafield tag="964" ind1="0" ind2="s">
    <subfield code="F">051</subfield>
    <subfield code="A">m|||||||</subfield>
  </datafield>
  <datafield tag="035" ind1=" " ind2=" ">
    <subfield code="a">(OCoLC)956518475</subfield>
    <subfield code="0">(uri) http://www.worldcat.org/oclc/956518475</subfield>
  </datafield>
  <datafield tag="035" ind1=" " ind2=" ">
    <subfield code="a">(DE-599)BVBBV043372023</subfield>
  </datafield>
  <datafield tag="MBD" ind1=" " ind2=" ">
    <subfield code="M">49HBZ_NETWORK</subfield>
    <subfield code="i">990223028900206441</subfield>
    <subfield code="n">HBZ Network</subfield>
  </datafield>
  <datafield tag="MNG" ind1=" " ind2=" ">
    <subfield code="c">System</subfield>
    <subfield code="f">ILS</subfield>
    <subfield code="i">marc21</subfield>
    <subfield code="k">01</subfield>
    <subfield code="e">false</subfield>
    <subfield code="d">2021-04-09 15:43:55 Europe/Berlin</subfield>
    <subfield code="g">022302890-HBZ01</subfield>
    <subfield code="j">60</subfield>
    <subfield code="a">import</subfield>
    <subfield code="b">2021-04-05 21:25:08 Europe/Berlin</subfield>
  </datafield>
  <datafield tag="GST" ind1=" " ind2=" ">
    <subfield code="a">Rassenideologie</subfield>
    <subfield code="A">GND</subfield>
    <subfield code="B">GND-04076527X</subfield>
    <subfield code="C">450</subfield>
  </datafield>
  <datafield tag="GST" ind1=" " ind2=" ">
    <subfield code="a">Rassenwahn</subfield>
    <subfield code="A">GND</subfield>
    <subfield code="B">GND-04076527X</subfield>
    <subfield code="C">450</subfield>
  </datafield>
  <datafield tag="GST" ind1=" " ind2=" ">
    <subfield code="a">Rassenvorurteil</subfield>
    <subfield code="9">v:Quasisynonym</subfield>
    <subfield code="A">GND</subfield>
    <subfield code="B">GND-04076527X</subfield>
    <subfield code="C">450</subfield>
  </datafield>
  <datafield tag="GSI" ind1="7" ind2=" ">
    <subfield code="a">4076527-1</subfield>
    <subfield code="0">http://d-nb.info/gnd/4076527-1</subfield>
    <subfield code="2">gnd</subfield>
    <subfield code="A">GND</subfield>
    <subfield code="B">GND-04076527X</subfield>
    <subfield code="C">024</subfield>
  </datafield>
  <datafield tag="GSI" ind1="7" ind2=" ">
    <subfield code="a">4115696-1</subfield>
    <subfield code="0">http://d-nb.info/gnd/4115696-1</subfield>
    <subfield code="2">gnd</subfield>
    <subfield code="A">GND</subfield>
    <subfield code="B">GND-04115696X</subfield>
    <subfield code="C">024</subfield>
  </datafield>
  <datafield tag="GST" ind1=" " ind2=" ">
    <subfield code="a">Allgemeine o&#776;ffentliche Bibliothek</subfield>
    <subfield code="A">GND</subfield>
    <subfield code="B">GND-04043141X</subfield>
    <subfield code="C">450</subfield>
  </datafield>
  <datafield tag="GST" ind1=" " ind2=" ">
    <subfield code="a">O&#776;ffentliche Bu&#776;cherei</subfield>
    <subfield code="A">GND</subfield>
    <subfield code="B">GND-04043141X</subfield>
    <subfield code="C">450</subfield>
  </datafield>
  <datafield tag="GST" ind1=" " ind2=" ">
    <subfield code="a">Public library</subfield>
    <subfield code="A">GND</subfield>
    <subfield code="B">GND-04043141X</subfield>
    <subfield code="C">450</subfield>
  </datafield>
  <datafield tag="GST" ind1=" " ind2=" ">
    <subfield code="a">Staatliche Allgemeinbibliothek</subfield>
    <subfield code="9">v:Lex. ges. Buchwesen</subfield>
    <subfield code="A">GND</subfield>
    <subfield code="B">GND-04043141X</subfield>
    <subfield code="C">450</subfield>
  </datafield>
  <datafield tag="GST" ind1=" " ind2=" ">
    <subfield code="a">Volksbibliothek</subfield>
    <subfield code="A">GND</subfield>
    <subfield code="B">GND-04043141X</subfield>
    <subfield code="C">450</subfield>
  </datafield>
  <datafield tag="GST" ind1=" " ind2=" ">
    <subfield code="a">Volksbu&#776;cherei</subfield>
    <subfield code="A">GND</subfield>
    <subfield code="B">GND-04043141X</subfield>
    <subfield code="C">450</subfield>
  </datafield>
  <datafield tag="GST" ind1=" " ind2=" ">
    <subfield code="a">Allgemeinbildende Bibliothek</subfield>
    <subfield code="9">v:Les. ges. Buchwesen, Quasisynonym</subfield>
    <subfield code="A">GND</subfield>
    <subfield code="B">GND-04043141X</subfield>
    <subfield code="C">450</subfield>
  </datafield>
  <datafield tag="GST" ind1=" " ind2=" ">
    <subfield code="a">O&#776;ffentliche Bibliotheken</subfield>
    <subfield code="A">GND</subfield>
    <subfield code="B">GND-04043141X</subfield>
    <subfield code="C">450</subfield>
  </datafield>
  <datafield tag="GSI" ind1="7" ind2=" ">
    <subfield code="a">http://d-nb.info/gnd/4043141-1</subfield>
    <subfield code="2">uri</subfield>
    <subfield code="A">GND</subfield>
    <subfield code="B">GND-04043141X</subfield>
    <subfield code="C">024</subfield>
  </datafield>
  <datafield tag="GSI" ind1="7" ind2=" ">
    <subfield code="a">http://d-nb.info/gnd/4078704-7</subfield>
    <subfield code="2">uri</subfield>
    <subfield code="A">GND</subfield>
    <subfield code="B">GND-040787044</subfield>
    <subfield code="C">024</subfield>
  </datafield>
  <datafield tag="GGN" ind1=" " ind2=" ">
    <subfield code="a">United States of America</subfield>
    <subfield code="A">GND</subfield>
    <subfield code="B">GND-040787044</subfield>
    <subfield code="C">451</subfield>
  </datafield>
  <datafield tag="GGN" ind1=" " ind2=" ">
    <subfield code="a">Vereinigte Staaten von Amerika</subfield>
    <subfield code="A">GND</subfield>
    <subfield code="B">GND-040787044</subfield>
    <subfield code="C">451</subfield>
  </datafield>
  <datafield tag="GGN" ind1=" " ind2=" ">
    <subfield code="a">Nordamerika</subfield>
    <subfield code="g">USA</subfield>
    <subfield code="A">GND</subfield>
    <subfield code="B">GND-040787044</subfield>
    <subfield code="C">451</subfield>
  </datafield>
  <datafield tag="GGN" ind1=" " ind2=" ">
    <subfield code="a">Amerika</subfield>
    <subfield code="g">USA</subfield>
    <subfield code="A">GND</subfield>
    <subfield code="B">GND-040787044</subfield>
    <subfield code="C">451</subfield>
  </datafield>
  <datafield tag="GGN" ind1=" " ind2=" ">
    <subfield code="a">United States</subfield>
    <subfield code="A">GND</subfield>
    <subfield code="B">GND-040787044</subfield>
    <subfield code="C">451</subfield>
  </datafield>
  <datafield tag="GGN" ind1=" " ind2=" ">
    <subfield code="a">United States of America</subfield>
    <subfield code="A">GND</subfield>
    <subfield code="B">GND-040787044</subfield>
    <subfield code="C">451</subfield>
  </datafield>
  <datafield tag="GGN" ind1=" " ind2=" ">
    <subfield code="a">Etats Unis</subfield>
    <subfield code="A">GND</subfield>
    <subfield code="B">GND-040787044</subfield>
    <subfield code="C">451</subfield>
  </datafield>
  <datafield tag="GGN" ind1=" " ind2=" ">
    <subfield code="a">Etats-Unis</subfield>
    <subfield code="A">GND</subfield>
    <subfield code="B">GND-040787044</subfield>
    <subfield code="C">451</subfield>
  </datafield>
  <datafield tag="GGN" ind1=" " ind2=" ">
    <subfield code="a">Vereinigte Staaten</subfield>
    <subfield code="A">GND</subfield>
    <subfield code="B">GND-040787044</subfield>
    <subfield code="C">451</subfield>
  </datafield>
  <datafield tag="GGN" ind1=" " ind2=" ">
    <subfield code="a">Estados Unidos de America</subfield>
    <subfield code="A">GND</subfield>
    <subfield code="B">GND-040787044</subfield>
    <subfield code="C">451</subfield>
  </datafield>
  <datafield tag="GGN" ind1=" " ind2=" ">
    <subfield code="a">EEUU</subfield>
    <subfield code="4">abku</subfield>
    <subfield code="4">http://d-nb.info/standards/elementset/gnd#abbreviatedNameForThePlaceOrGeographicName</subfield>
    <subfield code="w">r</subfield>
    <subfield code="i">Abkuerzung</subfield>
    <subfield code="A">GND</subfield>
    <subfield code="B">GND-040787044</subfield>
    <subfield code="C">451</subfield>
  </datafield>
  <datafield tag="GGN" ind1=" " ind2=" ">
    <subfield code="a">Vereinigte Staaten von Nordamerika</subfield>
    <subfield code="A">GND</subfield>
    <subfield code="B">GND-040787044</subfield>
    <subfield code="C">451</subfield>
  </datafield>
  <datafield tag="GGN" ind1=" " ind2=" ">
    <subfield code="a">Soedinennye S&#780;taty Ameriki</subfield>
    <subfield code="A">GND</subfield>
    <subfield code="B">GND-040787044</subfield>
    <subfield code="C">451</subfield>
  </datafield>
  <datafield tag="GGN" ind1=" " ind2=" ">
    <subfield code="a">SS&#780;A</subfield>
    <subfield code="4">abku</subfield>
    <subfield code="4">http://d-nb.info/standards/elementset/gnd#abbreviatedNameForThePlaceOrGeographicName</subfield>
    <subfield code="w">r</subfield>
    <subfield code="i">Abkuerzung</subfield>
    <subfield code="A">GND</subfield>
    <subfield code="B">GND-040787044</subfield>
    <subfield code="C">451</subfield>
  </datafield>
  <datafield tag="GGN" ind1=" " ind2=" ">
    <subfield code="a">Stany Zjednoczone Ameryki Po&#769;&#322;nocnej</subfield>
    <subfield code="A">GND</subfield>
    <subfield code="B">GND-040787044</subfield>
    <subfield code="C">451</subfield>
  </datafield>
  <datafield tag="GGN" ind1=" " ind2=" ">
    <subfield code="a">He&#772;no&#772;menai Politeiai te&#772;s Boreiu Amerike&#772;s</subfield>
    <subfield code="A">GND</subfield>
    <subfield code="B">GND-040787044</subfield>
    <subfield code="C">451</subfield>
  </datafield>
  <datafield tag="GGN" ind1=" " ind2=" ">
    <subfield code="a">He&#772;no&#772;menes Politeies te&#772;s Amerike&#772;s</subfield>
    <subfield code="A">GND</subfield>
    <subfield code="B">GND-040787044</subfield>
    <subfield code="C">451</subfield>
  </datafield>
  <datafield tag="GGN" ind1=" " ind2=" ">
    <subfield code="a">He&#772;PA</subfield>
    <subfield code="4">abku</subfield>
    <subfield code="4">http://d-nb.info/standards/elementset/gnd#abbreviatedNameForThePlaceOrGeographicName</subfield>
    <subfield code="w">r</subfield>
    <subfield code="i">Abkuerzung</subfield>
    <subfield code="A">GND</subfield>
    <subfield code="B">GND-040787044</subfield>
    <subfield code="C">451</subfield>
  </datafield>
  <datafield tag="GGN" ind1=" " ind2=" ">
    <subfield code="a">E&#772;no&#772;menes Politeies te&#772;s Amerike&#772;s</subfield>
    <subfield code="A">GND</subfield>
    <subfield code="B">GND-040787044</subfield>
    <subfield code="C">451</subfield>
  </datafield>
  <datafield tag="GGN" ind1=" " ind2=" ">
    <subfield code="a">E&#772;PA</subfield>
    <subfield code="4">abku</subfield>
    <subfield code="4">http://d-nb.info/standards/elementset/gnd#abbreviatedNameForThePlaceOrGeographicName</subfield>
    <subfield code="w">r</subfield>
    <subfield code="i">Abkuerzung</subfield>
    <subfield code="A">GND</subfield>
    <subfield code="B">GND-040787044</subfield>
    <subfield code="C">451</subfield>
  </datafield>
  <datafield tag="GGN" ind1=" " ind2=" ">
    <subfield code="a">Meiguo</subfield>
    <subfield code="A">GND</subfield>
    <subfield code="B">GND-040787044</subfield>
    <subfield code="C">451</subfield>
  </datafield>
  <datafield tag="GGN" ind1=" " ind2=" ">
    <subfield code="a">Etats-Unis d&apos;Ame&#769;rique</subfield>
    <subfield code="A">GND</subfield>
    <subfield code="B">GND-040787044</subfield>
    <subfield code="C">451</subfield>
  </datafield>
  <datafield tag="GGN" ind1=" " ind2=" ">
    <subfield code="a">US</subfield>
    <subfield code="4">abku</subfield>
    <subfield code="4">http://d-nb.info/standards/elementset/gnd#abbreviatedNameForThePlaceOrGeographicName</subfield>
    <subfield code="w">r</subfield>
    <subfield code="i">Abkuerzung</subfield>
    <subfield code="A">GND</subfield>
    <subfield code="B">GND-040787044</subfield>
    <subfield code="C">451</subfield>
  </datafield>
  <datafield tag="GSI" ind1="7" ind2=" ">
    <subfield code="a">http://d-nb.info/gnd/1085660443</subfield>
    <subfield code="2">uri</subfield>
    <subfield code="A">GND</subfield>
    <subfield code="B">GND-1085660443</subfield>
    <subfield code="C">024</subfield>
  </datafield>
</record>